@article{UsefulPlants,
  author = {Pironon S., Ondo I., Diazgranados M., Allkin R., Baquero A.C., CÃ¡mara-Leret R., Canteiro C., Dennehy Z., Govaerts R., Hargreaves S., Hudson A.J., Lemmens R., Milliken W., Nesbitt M., Patmore K., Turner R.M., van Andel T.R., Ulian T., Antonelli A., Willis K.J.},
  title = {The global distribution of plants used by humans},
  year = {2023},
  type = {Journal Article}
}

@Manual{rsdm,
  title    = {{rsdm}: A R package for streamlining large-scale studies of species distributions and biodiversity patterns},
  author   = {Ondo I.},
  year     = {2023},
  note   = {},
  url   = {https://github.com/IanOndo/rsdm}
}

@Article{GAMs,
  title = {Fast stable restricted maximum likelihood and marginal
likelihood estimation of semiparametric generalized linear models},
  journal = {Journal of the Royal Statistical Society (B)},
  volume = {73},
  number = {1},
  pages = {3-36},
  year = {2011},
  author = {S. N. Wood},
}

@Book{mgcv,
  title = {Generalized Additive Models: An Introduction with R},
  year = {2017},
  author = {S.N Wood},
  edition = {2},
  publisher = {Chapman and Hall/CRC},
}

@Manual{purrr,
  title = {purrr: Functional Programming Tools},
  author = {Hadley Wickham and Lionel Henry},
  year = {2023},
  note = {R package version 1.0.1},
  url = {https://CRAN.R-project.org/package=purrr},
}

@Article{ComplexHeatmap,
  title = {Complex Heatmap Visualization},
  author = {Zuguang Gu},
  doi = {10.1002/imt2.43},
  journal = {iMeta},
  year = {2022},
}

@Article{circlize,
  title = {circlize implements and enhances circular visualization in R},
  author = {Zuguang Gu and Lei Gu and Roland Eils and Matthias Schlesner and Benedikt Brors},
  journal = {Bioinformatics},
  volume = {30},
  issue = {19},
  pages = {2811-2812},
  year = {2014},
}
